@misc{levy2021collecting:21,
  title={Collecting a Large-Scale Gender Bias Dataset for Coreference Resolution and Machine Translation},
  author={Shahar Levy and Koren Lazar and Gabriel Stanovsky},
  year={2021},
  eprint={2109.03858},
  archivePrefix={arXiv},
  primaryClass={cs.CL},
  url={https://arxiv.org/pdf/2109.03858.pdf}
}

@article{friedrich2021interactively:21,
  title={Interactively Providing Explanations for Transformer Language Models},
  author={Friedrich, Felix and Schramowski, Patrick and Tauchmann, Christopher and Kersting, Kristian},
  journal={arXiv preprint arXiv:2110.02058},
  year={2021},
  url={https://ml-research.github.io/papers/friedrich2022hhai.pdf}
}

@misc{tenney2020language:20,
  title={The Language Interpretability Tool: Extensible, Interactive Visualizations and Analysis for {NLP} Models},
  author={Ian Tenney and James Wexler and Jasmijn Bastings and Tolga Bolukbasi and Andy Coenen and Sebastian Gehrmann and Ellen Jiang and Mahima Pushkarna and Carey Radebaugh and Emily Reif and Ann Yuan},
  booktitle="Proceedings of the 2020 Conference on Empirical Methods in Natural Language Processing: System Demonstrations",
  year="2020",
  publisher="Association for Computational Linguistics",
  pages="107--118",
  url={https://www.aclweb.org/anthology/2020.emnlp-demos.15"}
}

@article{meng2022locating:22,
  title={Locating and Editing Factual Associations in {GPT}},
  author={Kevin Meng and David Bau and Alex Andonian and Yonatan Belinkov},
  journal={Advances in Neural Information Processing Systems},
  volume={35},
  year={2022},
  url={https://arxiv.org/pdf/2202.05262.pdf}
}

@article{lampinen2022can:22,
  title={Can language models learn from explanations in context?},
  author="Lampinen, Andrew K and Dasgupta, Ishita and Chan, Stephanie CY and Matthewson, Kory and Tessler, Michael Henry and Creswell, Antonia and McClelland, James L and Wang, Jane X and Hill, Felix",
  journal={arXiv preprint arXiv:2204.02329},
  year={2022},
  url={https://arxiv.org/pdf/2204.02329.pdf}
}

@article{luo2021local:21,
  title={Local interpretations for explainable natural language processing: A survey},
  author={Luo, Siwen and Ivison, Hamish and Han, Caren and Poon, Josiah},
  journal={arXiv preprint arXiv:2103.11072},
  year={2021},
  url={https://arxiv.org/pdf/2103.11072.pdf}
}

@inproceedings{mosca2022grammarshap:22,
  title={GrammarSHAP: An Efficient Model-Agnostic and Structure-Aware NLP Explainer},
  author={Mosca, Edoardo and Demirt{\"u}rk, Defne and M{\"u}lln, Luca and Raffagnato, Fabio and Groh, Georg},
  booktitle={ACL Workshop on Learning with Natural Language Supervision},
  year={2022},
  url={https://openreview.net/pdf?id=Hn4GhbvniW5}
}

@inProceedings{wefe2020:20,
  title={WEFE: The Word Embeddings Fairness Evaluation Framework},
  author={Badilla, Pablo and Bravo-Marquez, Felipe and PÃ©rez, Jorge},
  booktitle={Proceedings of the Twenty-Ninth International Joint Conference on Artificial Intelligence, {IJCAI-20}},
  publisher={International Joint Conferences on Artificial Intelligence Organization},
  pages={430--436},
  year={2020},
  month={7},
  do={10.24963/ijcai.2020/60},
  url={https://doi.org/10.24963/ijcai.2020/60}
}

@article{ding2021openprompt:22,
   title={OpenPrompt: An Open-source Framework for Prompt-learning},
   author={Ding, Ning and Hu, Shengding and Zhao, Weilin and Chen, Yulin and Liu, Zhiyuan and Zheng, Hai-Tao and Sun, Maosong},
   journal={arXiv preprint arXiv:2111.01998},
   year={2021},
   url={https://thunlp.github.io/OpenPrompt}
}

@article{caliskan2022gender:22,
  title={Gender Bias in Word Embeddings: A Comprehensive Analysis of Frequency, Syntax, and Semantics},
  author={Caliskan, Aylin and Ajay, Pimparkar Parth and Charlesworth, Tessa and Wolfe, Robert and Banaji, Mahzarin R},
  journal={arXiv preprint arXiv:2206.03390},
  year={2022},
  url={https://arxiv.org/pdf/2206.03390.pdf}
}

@article{xu2022zeroprompt:22,
  title={ZeroPrompt: Scaling Prompt-Based Pretraining to 1,000 Tasks Improves Zero-Shot Generalization},
  author={Xu, Hanwei and Chen, Yujun and Du, Yulun and Shao, Nan and Wang, Yanggang and Li, Haiyu and Yang, Zhilin},
  journal={arXiv preprint arXiv:2201.06910},
  year={2022},
  url={https://arxiv.org/pdf/2201.06910.pdf}
}

@inproceedings{meade_2022_empirical:22,
  title = "An Empirical Survey of the Effectiveness of Debiasing Techniques for Pre-trained Language Models",
  author = "Meade, Nicholas  and Poole-Dayan, Elinor  and Reddy, Siva",
  booktitle = "Proceedings of the 60th Annual Meeting of the Association for Computational Linguistics (Volume 1: Long Papers)",
  month = may,
  year = "2022",
  address = "Dublin, Ireland",
  publisher = "Association for Computational Linguistics",
  url = "https://aclanthology.org/2022.acl-long.132",
  doi = "10.18653/v1/2022.acl-long.132",
  pages = "1878--1898",
}

@misc{gpt-j:21,
  author = {Wang, Ben and Komatsuzaki, Aran},
  title = {{GPT-J-6B: A 6 Billion Parameter Autoregressive Language Model}},
  howpublished = {\url{https://github.com/kingoflolz/mesh-transformer-jax}},
  year = 2021,
  month = May
}

@article{pascual2021plug:21,
  title={A plug-and-play method for controlled text generation},
  author={Pascual, Damian and Egressy, Beni and Meister, Clara and Cotterell, Ryan and Wattenhofer, Roger},
  journal={arXiv preprint arXiv:2109.09707},
  year={2021},
  url={https://arxiv.org/pdf/2109.09707.pdf}
}

@article{yin2019benchmarking:19,
  title={Benchmarking zero-shot text classification: Datasets, evaluation and entailment approach},
  author={Yin, Wenpeng and Hay, Jamaal and Roth, Dan},
  journal={arXiv preprint arXiv:1909.00161},
  year={2019},
  url={https://arxiv.org/pdf/1909.00161.pdf}
}

@article{attanasio2022ferret:22,
  title={ferret: a Framework for Benchmarking Explainers on Transformers},
  author={Attanasio, Giuseppe and Pastor, Eliana and Di Bonaventura, Chiara and Nozza, Debora},
  journal={arXiv preprint arXiv:2208.01575},
  year={2022},
  url={https://arxiv.org/pdf/2208.01575.pdf}
}

@article{he2022mabel:22,
  title={MABEL: Attenuating Gender Bias using Textual Entailment Data},
  author={He, Jacqueline and Xia, Mengzhou and Fellbaum, Christiane and Chen, Danqi},
  journal={arXiv preprint arXiv:2210.14975},
  year={2022},
  url={https://arxiv.org/pdf/2210.14975.pdf}
}

@article{yang2022adept:22,
  title={ADEPT: A DEbiasing PrompT Framework},
  author={Yang, Ke and Yu, Charles and Fung, Yi and Li, Manling and Ji, Heng},
  journal={arXiv preprint arXiv:2211.05414},
  year={2022},
  url={https://arxiv.org/pdf/2211.05414v1.pdf}
}

@inproceedings{delobelle2022measuring:22,
  title={Measuring fairness with biased rulers: A comparative study on bias metrics for pre-trained language models},
  author={Delobelle, Pieter and Tokpo, Ewoenam and Calders, Toon and Berendt, Bettina},
  booktitle={Proceedings of the 2022 Conference of the North American Chapter of the Association for Computational Linguistics: Human Language Technologies},
  pages={1693--1706},
  year={2022},
  url={https://aclanthology.org/2022.naacl-main.122.pdf}
}

@article{schroder2021evaluating:21,
  title={Evaluating Metrics for Bias in Word Embeddings},
  author={Schr{\"o}der, Sarah and Schulz, Alexander and Kenneweg, Philip and Feldhans, Robert and Hinder, Fabian and Hammer, Barbara},
  journal={arXiv preprint arXiv:2111.07864},
  year={2021},
  url={https://arxiv.org/pdf/2203.14603.pdf}
}

@article{zhao2019gender:19,
  title={Gender bias in contextualized word embeddings},
  author={Zhao, Jieyu and Wang, Tianlu and Yatskar, Mark and Cotterell, Ryan and Ordonez, Vicente and Chang, Kai-Wei},
  journal={arXiv preprint arXiv:1904.03310},
  year={2019},
  url={https://arxiv.org/abs/1904.03310}
}

@article{bolukbasi2016man:16,
  title={Man is to computer programmer as woman is to homemaker? debiasing word embeddings},
  author={Bolukbasi, Tolga and Chang, Kai-Wei and Zou, James Y and Saligrama, Venkatesh and Kalai, Adam T},
  journal={Advances in neural information processing systems},
  volume={29},
  year={2016},
  url={https://proceedings.neurips.cc/paper/2016/file/a486cd07e4ac3d270571622f4f316ec5-Paper.pdf}
}

@misc{sanh2021multitask:21,
  title={Multitask Prompted Training Enables Zero-Shot Task Generalization},
  author={Victor Sanh and Albert Webson and Colin Raffel and Stephen H. Bach and Lintang Sutawika and Zaid Alyafeai and Antoine Chaffin and Arnaud Stiegler and Teven Le Scao and Arun Raja and Manan Dey and M Saiful Bari and Canwen Xu and Urmish Thakker and Shanya Sharma Sharma and Eliza Szczechla and Taewoon Kim and Gunjan Chhablani and Nihal Nayak and Debajyoti Datta and Jonathan Chang and Mike Tian-Jian Jiang and Han Wang and Matteo Manica and Sheng Shen and Zheng Xin Yong and Harshit Pandey and Rachel Bawden and Thomas Wang and Trishala Neeraj and Jos Rozen and Abheesht Sharma and Andrea Santilli and Thibault Fevry and Jason Alan Fries and Ryan Teehan and Stella Biderman and Leo Gao and Tali Bers and Thomas Wolf and Alexander M. Rush},
  year={2021},
  eprint={2110.08207},
  archivePrefix={arXiv},
  primaryClass={cs.LG}
}

@article{kalyan2021ammus:21,
  title={Ammus: A survey of transformer-based pretrained models in natural language processing},
  author={Kalyan, Katikapalli Subramanyam and Rajasekharan, Ajit and Sangeetha, Sivanesan},
  journal={arXiv preprint arXiv:2108.05542},
  year={2021},
  url={https://arxiv.org/pdf/2108.05542.pdf}
}

@article{li2021prefix:21,
  title={Prefix-tuning: Optimizing continuous prompts for generation},
  author={Li, Xiang Lisa and Liang, Percy},
  journal={arXiv preprint arXiv:2101.00190},
  year={2021},
  url={https://arxiv.org/pdf/2101.00190.pdf}
}

@inproceedings{liang2021towards:21,
  title={Towards understanding and mitigating social biases in language models},
  author={Liang, Paul Pu and Wu, Chiyu and Morency, Louis-Philippe and Salakhutdinov, Ruslan},
  booktitle={International Conference on Machine Learning},
  pages={6565--6576},
  year={2021},
  organization={PMLR},
  url={https://arxiv.org/pdf/2106.13219.pdf}
}

@article{thakur2021beir:21,
  title={BEIR: A heterogenous benchmark for zero-shot evaluation of information retrieval models},
  author={Thakur, Nandan and Reimers, Nils and R{\"u}ckl{\'e}, Andreas and Srivastava, Abhishek and Gurevych, Iryna},
  journal={arXiv preprint arXiv:2104.08663},
  year={2021},
  url={https://arxiv.org/abs/2104.08663}
}

@article{berg2022prompt:22,
  title={A prompt array keeps the bias away: Debiasing vision-language models with adversarial learning},
  author={Berg, Hugo and Hall, Siobhan Mackenzie and Bhalgat, Yash and Yang, Wonsuk and Kirk, Hannah Rose and Shtedritski, Aleksandar and Bain, Max},
  journal={arXiv preprint arXiv:2203.11933},
  year={2022},
  url={https://arxiv.org/abs/2203.11933}
}

@inproceedings{nozza2021honest:21,
  title={HONEST: Measuring hurtful sentence completion in language models},
  author={Nozza, Debora and Bianchi, Federico and Hovy, Dirk},
  booktitle={The 2021 Conference of the North American Chapter of the Association for Computational Linguistics: Human Language Technologies},
  year={2021},
  organization={Association for Computational Linguistics},
  url={https://aclanthology.org/2021.naacl-main.191.pdf}
}

@article{lee2022contextualized:22,
  title={Contextualized Generative Retrieval},
  author={Lee, Hyunji and Kim, Jaeyoung and Chang, Hoyeon and Oh, Hanseok and Yang, Sohee and Karpukhin, Vlad and Lu, Yi and Seo, Minjoon},
  journal={arXiv preprint arXiv:2210.02068},
  year={2022},
  url={https://arxiv.org/pdf/2210.02068.pdf}
}

@inproceedings{sevastjanova2022lmfingerprints:22,
  title={LMFingerprints: Visual Explanations of Language Model Embedding Spaces through Layerwise Contextualization Scores},
  author={Sevastjanova, Rita and Kalouli, A and Beck, Christin and Hauptmann, Hanna and El-Assady, Mennatallah},
  booktitle={Computer Graphics Forum},
  volume={41},
  number={3},
  pages={295--307},
  year={2022},
  organization={Wiley Online Library},
  url={https://onlinelibrary.wiley.com/doi/pdf/10.1111/cgf.14541}
}

@inproceedings{warmerdam-etal-2020-going:20,
    title = "Going Beyond {T}-{SNE}: Exposing whatlies in Text Embeddings",
    author = "Warmerdam, Vincent  and
      Kober, Thomas  and
      Tatman, Rachael",
    booktitle = "Proceedings of Second Workshop for NLP Open Source Software (NLP-OSS)",
    month = nov,
    year = "2020",
    address = "Online",
    publisher = "Association for Computational Linguistics",
    url = "https://www.aclweb.org/anthology/2020.nlposs-1.8",
    doi = "10.18653/v1/2020.nlposs-1.8",
    pages = "52--60",
    abstract = "We introduce whatlies, an open source toolkit for visually inspecting word and sentence embeddings. The project offers a unified and extensible API with current support for a range of popular embedding backends including spaCy, tfhub, huggingface transformers, gensim, fastText and BytePair embeddings. The package combines a domain specific language for vector arithmetic with visualisation tools that make exploring word embeddings more intuitive and concise. It offers support for many popular dimensionality reduction techniques as well as many interactive visualisations that can either be statically exported or shared via Jupyter notebooks. The project documentation is available from https://koaning.github.io/whatlies/.",
}

@article{brown2020language:20,
  title={Language models are few-shot learners},
  author={Brown, Tom and Mann, Benjamin and Ryder, Nick and Subbiah, Melanie and Kaplan, Jared D and Dhariwal, Prafulla and Neelakantan, Arvind and Shyam, Pranav and Sastry, Girish and Askell, Amanda and others},
  journal={Advances in neural information processing systems},
  volume={33},
  pages={1877--1901},
  year={2020},
  url={https://proceedings.neurips.cc/paper/2020/file/1457c0d6bfcb4967418bfb8ac142f64a-Paper.pdf}
}

@misc{bach2022promptsource:22,
  title={PromptSource: An Integrated Development Environment and Repository for Natural Language Prompts},
  author={Stephen H. Bach and Victor Sanh and Zheng-Xin Yong and Albert Webson and Colin Raffel and Nihal V. Nayak and Abheesht Sharma and Taewoon Kim and M Saiful Bari and Thibault Fevry and Zaid Alyafeai and Manan Dey and Andrea Santilli and Zhiqing Sun and Srulik Ben-David and Canwen Xu and Gunjan Chhablani and Han Wang and Jason Alan Fries and Maged S. Al-shaibani and Shanya Sharma and Urmish Thakker and Khalid Almubarak and Xiangru Tang and Xiangru Tang and Mike Tian-Jian Jiang and Alexander M. Rush},
  year={2022},
  eprint={2202.01279},
  archivePrefix={arXiv},
  primaryClass={cs.LG}
}

@article{wei2022emergent:22,
  title={Emergent abilities of large language models},
  author={Wei, Jason and Tay, Yi and Bommasani, Rishi and Raffel, Colin and Zoph, Barret and Borgeaud, Sebastian and Yogatama, Dani and Bosma, Maarten and Zhou, Denny and Metzler, Donald and others},
  journal={arXiv preprint arXiv:2206.07682},
  year={2022},
  url={https://arxiv.org/pdf/2206.07682.pdf}
}

@article{raffel2020exploring:20,
  title={Exploring the limits of transfer learning with a unified text-to-text transformer.},
  author={Raffel, Colin and Shazeer, Noam and Roberts, Adam and Lee, Katherine and Narang, Sharan and Matena, Michael and Zhou, Yanqi and Li, Wei and Liu, Peter J and others},
  journal={J. Mach. Learn. Res.},
  volume={21},
  number={140},
  pages={1--67},
  year={2020},
  url={https://jmlr.org/papers/volume21/20-074/20-074.pdf}
}

@article{shoeybi2019megatron:19,
  title={Megatron-lm: Training multi-billion parameter language models using model parallelism},
  author={Shoeybi, Mohammad and Patwary, Mostofa and Puri, Raul and LeGresley, Patrick and Casper, Jared and Catanzaro, Bryan},
  journal={arXiv preprint arXiv:1909.08053},
  year={2019},
  url={https://arxiv.org/pdf/1909.08053.pdf}
}

@article{scao2022bloom:22,
  title={BLOOM: A 176B-Parameter Open-Access Multilingual Language Model},
  author={Scao, Teven Le and Fan, Angela and Akiki, Christopher and Pavlick, Ellie and Ili{\'c}, Suzana and Hesslow, Daniel and Castagn{\'e}, Roman and Luccioni, Alexandra Sasha and Yvon, Fran{\c{c}}ois and Gall{\'e}, Matthias and others},
  journal={arXiv preprint arXiv:2211.05100},
  year={2022},
  url={https://arxiv.org/pdf/2211.05100.pdf}
}

@article{muennighoff2022sgpt:22,
  title={SGPT: GPT Sentence Embeddings for Semantic Search},
  author={Muennighoff, Niklas},
  journal={arXiv preprint arXiv:2202.08904},
  year={2022},
  url={https://arxiv.org/pdf/2202.08904.pdf}
}

@article{ethayarajh2019contextual:19,
  title={How contextual are contextualized word representations? comparing the geometry of BERT, ELMo, and GPT-2 embeddings},
  author={Ethayarajh, Kawin},
  journal={arXiv preprint arXiv:1909.00512},
  year={2019},
  url={https://arxiv.org/pdf/1909.00512.pdf}
}

@inproceedings{de2021stereotype:21,
  title={Stereotype and skew: Quantifying gender bias in pre-trained and fine-tuned language models},
  author={de Vassimon Manela, Daniel and Errington, David and Fisher, Thomas and van Breugel, Boris and Minervini, Pasquale},
  booktitle={EACL 2021-16th Conference of the European Chapter of the Association for Computational Linguistics, Proceedings of the Conference},
  pages={2232--2242},
  year={2021},
  organization={Association for Computational Linguistics},
	url={https://discovery.ucl.ac.uk/id/eprint/10129955/1/2021.eacl-main.190.pdf}
}

@article{kumar2020fair:20,
  title={Fair Embedding Engine: A Library for Analyzing and Mitigating Gender Bias in Word Embeddings},
  author={Kumar, Vaibhav and Bhotia, Tenzin Singhay},
  journal={arXiv preprint arXiv:2010.13168},
  year={2020},
	url={}
}

@inproceedings{guo2022auto:22,
  title={Auto-Debias: Debiasing Masked Language Models with Automated Biased Prompts},
  author={Guo, Yue and Yang, Yi and Abbasi, Ahmed},
  booktitle={Proceedings of the 60th Annual Meeting of the Association for Computational Linguistics (Volume 1: Long Papers)},
  pages={1012--1023},
  year={2022},
  url={https://aclanthology.org/2022.acl-long.72/}
}

@article{zhou2022large:22,
  title={Large Language Models Are Human-Level Prompt Engineers},
  author={Zhou, Yongchao and Muresanu, Andrei Ioan and Han, Ziwen and Paster, Keiran and Pitis, Silviu and Chan, Harris and Ba, Jimmy},
  journal={arXiv preprint arXiv:2211.01910},
  year={2022}
}

@inproceedings{pennington2014glove:14,
  title={Glove: Global vectors for word representation},
  author={Pennington, Jeffrey and Socher, Richard and Manning, Christopher D},
  booktitle={Proceedings of the 2014 conference on empirical methods in natural language processing (EMNLP)},
  pages={1532--1543},
  year={2014}
}

@inproceedings{rehurek_lrec:10,
  title = {{Software Framework for Topic Modelling with Large Corpora}},
  author = {Radim {\v R}eh{\r u}{\v r}ek and Petr Sojka},
  booktitle = {{Proceedings of the LREC 2010 Workshop on New Challenges for NLP Frameworks}},
  pages = {45--50},
  year = 2010,
  month = May,
  day = 22,
  publisher = {ELRA},
  address = {Valletta, Malta},
  note={\url{http://is.muni.cz/publication/884893/en}},
  language={English}
}

@article{honovich2022instruction:22,
  title={Instruction Induction: From Few Examples to Natural Language Task Descriptions},
  author={Honovich, Or and Shaham, Uri and Bowman, Samuel R and Levy, Omer},
  journal={arXiv preprint arXiv:2205.10782},
  year={2022}
}

@online{dastin2018amazon:18,
  title={Amazon scraps secret AI recruiting tool that showed bias against women},
  author={Dastin, Jeffrey},
  journal={Reuters},
  year={2018},
  url={https://www.reuters.com/article/us-amazon-com-jobs-automation-insight/amazon-scraps-secret-ai-recruiting-tool-that-showed-bias-against-women-idUSKCN1MK08G}
}

@inproceedings{nadeem-etal-2021-stereoset:21,
    title = "{S}tereo{S}et: Measuring stereotypical bias in pretrained language models",
    author = "Nadeem, Moin  and
      Bethke, Anna  and
      Reddy, Siva",
    booktitle = "Proceedings of the 59th Annual Meeting of the Association for Computational Linguistics and the 11th International Joint Conference on Natural Language Processing (Volume 1: Long Papers)",
    month = aug,
    year = "2021",
    address = "Online",
    publisher = "Association for Computational Linguistics",
    url = "https://aclanthology.org/2021.acl-long.416",
    doi = "10.18653/v1/2021.acl-long.416",
    pages = "5356--5371"
}

@inproceedings{blodgett-etal-2021-stereotyping:21,
    title = "Stereotyping {N}orwegian Salmon: An Inventory of Pitfalls in Fairness Benchmark Datasets",
    author = "Blodgett, Su Lin  and
      Lopez, Gilsinia  and
      Olteanu, Alexandra  and
      Sim, Robert  and
      Wallach, Hanna",
    booktitle = "Proceedings of the 59th Annual Meeting of the Association for Computational Linguistics and the 11th International Joint Conference on Natural Language Processing (Volume 1: Long Papers)",
    month = aug,
    year = "2021",
    address = "Online",
    publisher = "Association for Computational Linguistics",
    url = "https://aclanthology.org/2021.acl-long.81.pdf",
    doi = "10.18653/v1/2021.acl-long.81",
    pages = "1004--1015"
}

@inproceedings{nozza-2021-exposing-zero:21,
    title = "Exposing the limits of Zero-shot Cross-lingual Hate Speech Detection",
    author = "Nozza, Debora",
    booktitle = "Proceedings of the 59th Annual Meeting of the Association for Computational Linguistics and the 11th International Joint Conference on Natural Language Processing (Volume 2: Short Papers)",
    month = aug,
    year = "2021",
    address = "Online",
    publisher = "Association for Computational Linguistics",
    url = "https://aclanthology.org/2021.acl-short.114.pdf",
    doi = "10.18653/v1/2021.acl-short.114",
    pages = "907--914"
}

@article{Prabhumoye-fewshotprompts-2021:21,
  author    = {Shrimai Prabhumoye and
               Rafal Kocielnik and
               Mohammad Shoeybi and
               Anima Anandkumar and
               Bryan Catanzaro},
  title     = {Few-shot Instruction Prompts for Pretrained Language Models to Detect
               Social Biases},
  journal   = {CoRR},
  volume    = {abs/2112.07868},
  year      = {2021},
  url       = {https://arxiv.org/pdf/2112.07868.pdf},
  eprinttype = {arXiv},
  eprint    = {2112.07868},
  timestamp = {Mon, 03 Jan 2022 15:45:35 +0100},
  biburl    = {https://dblp.org/rec/journals/corr/abs-2112-07868.bib},
  bibsource = {dblp computer science bibliography, https://dblp.org}
}

@article{schick2021self:21,
  title={Self-diagnosis and self-debiasing: A proposal for reducing corpus-based bias in nlp},
  author={Schick, Timo and Udupa, Sahana and Sch{\"u}tze, Hinrich},
  journal={Transactions of the Association for Computational Linguistics},
  volume={9},
  pages={1408--1424},
  year={2021},
  publisher={MIT Press},
  url={https://direct.mit.edu/tacl/article/doi/10.1162/tacl_a_00434/108865}
}

@InProceedings{conneau-EtAl:17,
  author = {Conneau, Alexis  and  Kiela, Douwe  and  Schwenk, Holger  and  Barrault, Lo\"{i}c  and  Bordes, Antoine},
  title     = {Supervised Learning of Universal Sentence Representations from Natural Language Inference Data},
  booktitle = {Proceedings of the 2017 Conference on Empirical Methods in Natural Language Processing},
  month     = {September},
  year      = {2017},
  address   = {Copenhagen, Denmark},
  publisher = {Association for Computational Linguistics},
  pages     = {670--680},
  url       = {https://arxiv.org/pdf/1705.02364}
}

@inproceedings{supernaturalinstructions:22,
  title={Super-NaturalInstructions:Generalization via Declarative Instructions on 1600+ Tasks},
  author={Wang, Yizhong and Mishra, Swaroop and Alipoormolabashi, Pegah and Kordi, Yeganeh and Mirzaei, Amirreza and Arunkumar, Anjana and Ashok, Arjun and Dhanasekaran, Arut Selvan and Naik, Atharva and Stap, David and others},
  booktitle={EMNLP},
  year={2022}
}

@inproceedings{reimers-2019-sentence-bert:19,
    title = "Sentence-BERT: Sentence Embeddings using Siamese BERT-Networks",
    author = "Reimers, Nils and Gurevych, Iryna",
    booktitle = "Proceedings of the 2019 Conference on Empirical Methods in Natural Language Processing",
    month = "11",
    year = "2019",
    publisher = "Association for Computational Linguistics",
    url = "http://arxiv.org/abs/1908.10084",
}

@article{srivastava2022beyond:22,
  title={Beyond the Imitation Game: Quantifying and extrapolating the capabilities of language models},
  author={Srivastava, Aarohi and Rastogi, Abhinav and Rao, Abhishek and Shoeb, Abu Awal Md and Abid, Abubakar and Fisch, Adam and Brown, Adam R and Santoro, Adam and Gupta, Aditya and Garriga-Alonso, Adri{\`a} and others},
  journal={arXiv preprint arXiv:2206.04615},
  year={2022}
}

@article{xia2022prompting:22,
  title={Prompting ELECTRA: Few-Shot Learning with Discriminative Pre-Trained Models},
  author={Xia, Mengzhou and Artetxe, Mikel and Du, Jingfei and Chen, Danqi and Stoyanov, Ves},
  journal={arXiv preprint arXiv:2205.15223},
  year={2022}
}

@article{gao2020making:20,
  title={Making pre-trained language models better few-shot learners},
  author={Gao, Tianyu and Fisch, Adam and Chen, Danqi},
  journal={arXiv preprint arXiv:2012.15723},
  year={2020}
}

@mastersthesis{Dolci-bias:21,
  title = {Estimating Gender Bias in Sentence
Embeddings},
  school = {POLITECNICO DI MILANO},
  author = {Dolci,Tommaso},
  year = {2021},
  url = "https://www.politesi.polimi.it/bitstream/10589/177248/3/Estimating%20Gender%20Bias%20in%20Sentence%20Embeddings.pdf"
}

@article{suzgun2022prompt:22,
  title={Prompt-and-Rerank: A Method for Zero-Shot and Few-Shot Arbitrary Textual Style Transfer with Small Language Models},
  author={Suzgun, Mirac and Melas-Kyriazi, Luke and Jurafsky, Dan},
  journal={arXiv preprint arXiv:2205.11503},
  year={2022},
  url={https://arxiv.org/pdf/2206.04615.pdf}
}